<?xml version="1.0" encoding="UTF-8"?><collection xmlns="http://www.loc.gov/MARC21/slim"><record><leader>00369nam--2200133-i-4500</leader><controlfield tag="001">000019885</controlfield><controlfield tag="002">20161230</controlfield><controlfield tag="005">20161230201033</controlfield><controlfield tag="008">060222s1000------------r-----000-0-eng-d</controlfield><datafield ind1=" " ind2=" " tag="080"><subfield code="a">543.544</subfield></datafield><datafield ind1=" " ind2=" " tag="100"><subfield code="a">Dobbins, Murrell F., Touchstone, Joseph C</subfield></datafield><datafield ind1=" " ind2=" " tag="245"><subfield code="a">Practice of thin layer chromatography</subfield></datafield><datafield ind1=" " ind2=" " tag="260"><subfield code="a">New York, John Wiley &amp; Sons, 1978.Xxiii +383p</subfield></datafield><datafield ind1=" " ind2=" " tag="852"><subfield code="a">47918</subfield></datafield></record></collection>